@article{AsBa18, 
    title={A Performance Comparison of Graph Coloring Algorithms},
    url={https://ijisae.org/index.php/IJISAE/article/view/911},
    DOI={10.18201/ijisae.273053},
    journal={International Journal of Intelligent Systems and Applications in Engineering},
    author={Aslan, M. and Baykan, N. A.},
    year={2018},
    month={Dec.},
    pages={1–7}
}

@article{Pa08,
author = {Palubeckis, G.},
title = {On the recursive largest first algorithm for graph colouring},
year = {2008},
issue_date = {February 2008},
publisher = {Taylor \& Francis, Inc.},
address = {USA},
volume = {85},
number = {2},
issn = {0020-7160},
url = {https://doi.org/10.1080/00207160701419114},
doi = {10.1080/00207160701419114},
journal = {International Journal of Computer Mathematics},
month = feb,
pages = {191–200},
numpages = {10},
keywords = {Combinatorial optimization, Graph colouring, Heuristics, Independent set}
}

@misc{dimacs,
  author={Porumbel, D.},
  title={{DIMACS Graphs}: Benchmark Instances and Best Upper Bounds},
  url={https://cedric.cnam.fr/~porumbed/graphs/},
  month=Aug,
  year=2011
}